2422 4628
169 255 193 325 ⁶
425 324 428 330 ,
467 242 645 342 Scriptores
659 246 707 319 tle
728 240 858 340 sestaria

168 438 375 512 &aeratam
393 438 424 505 a'l
439 435 638 507 Latinmm
658 432 748 507 libre.
783 428 940 510 Londini
964 429 1080 529 1752]
1095 428 1160 513 sos.

171 537 314 618 Adiecit
341 539 509 612 nimirum
537 534 731 612 indiculum
760 558 978 633 nemorum,
1013 542 1051 615 ln
1077 533 1158 615 Ae·

168 650 286 741 gypto
307 634 495 735 cusanam,
516 644 554 714 in
569 635 707 714 Museo·
722 632 787 715 suo
808 658 844 715 et
862 638 934 714 aliis
948 637 1185 739 Britannicis,

170 744 375 841 lateritium,
403 760 506 819 antea
526 766 604 819 non
623 738 820 835 editorum,
843 748 904 841 qui
919 756 985 819 aut
1004 740 1047 817 ad
1070 741 1158 823 Pto·

171 845 350 941 lemaeos,
372 860 434 922 aut
452 844 495 919 ad
508 843 695 921 Romanos
712 844 947 944 Imperatores
966 848 1159 945 pertinent,
1177 910 1180 915 .

170 970 205 1049 p.
231 972 304 1043 94·
318 974 399 1023 rao.
456 945 546 1023 Sunt
566 970 655 1023 vero
679 962 716 1023 et
734 952 772 1045 in
793 947 866 1022 aliis
887 945 1160 1028 colle'tlionibut

171 1048 381 1227 esrumismata
409 1048 642 1150 Lagidarum,
679 1073 702 1125 a
733 1050 922 1133 variantur
957 1074 1037 1128 non
1068 1074 1161 1130 con·

97 1208 99 1215 =
209 1153 297 1233 etta.
1135 1196 1138 1213 ·

21 1262 145 1328 trauan.
184 1179 207 1254 p
250 1252 417 1331 Exhibuit
455 1259 560 1330 etiam
606 1277 808 1332 srasuus
854 1278 1083 1332 rrortrcu
1121 1261 1164 1337 in

171 1362 307 1436 Notitia
329 1364 514 1435 elementari
535 1360 761 1455 numismatum
784 1364 994 1459 antiquorum
1015 1366 1160 1447 illarum,

170 1488 252 1562 quat
268 1469 399 1537 urbium
418 1468 608 1548 liberarum,
630 1489 744 1561 regum
765 1481 796 1536 et
818 1467 1009 1556 Principum
1028 1490 1067 1537 aa
1081 1490 1160 1560 per·

159 1565 323 1661 Jbearum
346 1564 515 1665 illegitimus
538 1563 747 1663 appellantur
773 1567 947 1655 (Viennae
975 1582 1080 1659 ¹758·
1106 1570 1161 1661 4.)
1195 1590 1200 1599 ·

35 1684 39 1691 '
168 1692 203 1771 p.
224 1687 317 1765 158·
333 1675 417 1759 163,
440 1664 563 1743 seriem
577 1690 703 1768 regum
717 1684 754 1744 et
767 1672 970 1767 reginarum
986 1666 1162 1771 Aegypti,

168 1770 344 1873 adscriptis
372 1769 516 1847 Graece
542 1770 648 1847 ritulis
674 1769 761 1864 iliis,
798 1775 860 1870 qui
890 1767 1163 1849 numismatibus

169 1871 286 1951 inserti
312 1870 404 1950 sunt.
461 1873 609 1951 Horum
638 1872 776 1971 aliquot
804 1873 1055 1951 memorabiles
1086 1878 1163 1952 aeri

146 1974 276 2055 :incidi
300 1978 440 2053 curavit
458 1982 495 2052 in
518 1975 634 2053 tabula
654 1972 714 2052 Xl.
1061 2050 1064 2057 ,
1143 2058 1146 2063 ,

28 2096 125 2169 auter.
248 2078 440 2179 Egregium
461 2075 744 2179 supplementum
765 2073 924 2177 Aegypti
944 2075 1165 2158 numismati·

170 2204 247 2280 cae,
269 2182 489 2259 aVaillantia
507 2178 669 2257 historiae
687 2180 975 2258 Ptolemaeorum
994 2178 1187 2281 adsessores

171 2284 331 2361 exhibuit
352 2306 515 2360 sternar
536 2288 574 2357 in
598 2278 834 2359 dissertatione
861 2277 1080 2379 dodliffima,
1108 2292 1168 2363 in·

168 2383 312 2485 scripta:
352 2385 587 2481 Olfiwatiout
615 2382 875 2485 gebgraplaiquea
905 2401 938 2459 et
973 2386 1174 2489 historiques.

25 2560 28 2565 .
159 2488 226 2588 fita·
247 2490 292 2563 lea
311 2482 469 2562 mlaailles
488 2483 679 2583 Impe'riales
694 2496 731 2560 de
749 2490 906 2590 plusieurs
923 2491 1011 2561 villas
1034 2516 1075 2564 ou
1093 2496 1165 2567 No·

168 2618 234 2667 eur
255 2596 437 2690 eugypii,
466 2590 546 2665 daut
568 2596 623 2667 M,
647 2594 688 2665 V
687 2597 805 2665 aillaat
827 2601 882 2667 m'a
897 2592 1014 2690 publie'
1038 2620 1166 2671 autam

166 2695 334 2778 me'alaille,·
370 2699 408 2769 in
428 2692 602 2770 Msmar'res
625 2696 661 2768 de
683 2693 805 2769 lArad.
828 2698 884 2769 dea
903 2695 1075 2793 suscripsi.
1105 2697 1162 2779 T.

166 2795 328 2873 XXVlll.
355 2820 388 2897 p.
415 2806 509 2891 526-
524 2822 608 2891 544.
659 2795 758 2876 Cum
781 2798 897 2873 tabula
927 2822 1003 2873 aen.
1024 2805 1061 2875 in
1085 2825 1162 2911 qua

166 2898 252 2975 xlv
275 2902 378 2975 numi
405 2917 509 2975 antea
537 2898 657 2977 inediti
689 2900 859 2977 delineati.
898 2888 991 3001 'Qui
1020 2901 1162 2982 ausloti
1197 2938 1205 2949 ·

165 2996 395 3079 occasionem
414 2999 608 3103 suggerunt
626 3002 672 3079 de
691 3000 919 3103 sequentibus
939 3011 1068 3080 veteris
1083 3005 1163 3083 Ae·

87 3234 93 3243 -
164 3103 991 3310 {silisistristissimi
1009 3114 1163 3311 iisd?

103 3404 105 3409 1
165 3306 344 3408 ditopolis,
370 3305 539 3405 Bubaste,
565 3308 767 3413 Diospolis,
792 3312 1050 3409 Hermonthis,
1079 3313 1161 3392 He·

164 3411 338 3509 roopolis,
356 3410 552 3509 Letopolis,
572 3413 700 3512 Libya,
717 3414 917 3512 Naucratis,
934 3412 1034 3506 Xois,
1051 3412 1161 3493 Onu·

163 3510 255 3611 phis,
279 3510 530 3591 Pharbaethos.
580 3516 743 3618 Maxima
764 3538 962 3594 numatam
981 3541 1062 3621 pars
1076 3519 1159 3598 Ha·

164 3610 291 3692 drlano
311 3615 401 3719 lmp.
423 3633 596 3717 regnante
617 3615 709 3696 cusa.

377 3785 427 3848 stt·
635 3788 684 3852 at-
893 3790 943 3853 ‹ti-

28 3938 119 4003 ann.
210 3916 355 3997 uum
390 3918 465 4003 duo
503 3918 698 4003 Ptolemaei
735 3922 890 4027 Lagidae
934 3926 1097 4029 explicati
1130 3954 1156 4011 a

166 4041 434 4103 rurorurro
473 4046 728 4107 sraaanruo
760 4051 951 4127 sarano,
987 4037 1023 4106 in
1060 4036 1155 4110 Conr-

1013 4155 1152 4217 eleasar.
