2422 4628
102 237 153 306 aa
251 234 254 239 ·
349 308 357 319 ..
416 184 601 304 Scriptores
625 204 664 279 dr
686 186 810 317 rabuq'
936 271 942 283 .

108 423 180 480 nec
217 391 351 498 cupidis
395 388 672 470 satislacien'tern.
744 389 781 469 A
817 392 1099 494 prolegomenis,

109 505 275 603 quamvis
294 516 400 575 tomo
418 497 565 573 dentum
580 494 737 575 secundo
753 492 965 597 praemissis,
986 502 1100 575 totius

110 603 259 684 Panthei
284 601 390 679 lesbo
409 599 600 693 ordienda,
627 590 759 700 alinq'ui
786 597 910 676 frullra
933 622 1102 699 conque·

110 728 291 800 reremur,
315 705 453 781 nullum
473 726 640 803 apparere
657 704 859 803 theologiae
882 706 1011 780 veteris
1022 700 1103 780 Ac-

110 817 297 912 gyptiacae
320 804 488 909 syllema,
518 807 617 905 quod
638 811 675 882 in
696 825 801 883 tomo
823 812 942 907 primo
961 828 983 881 a
1002 829 1111 903 noua·
1133 832 1152 873 τε

50 967 53 971 ⁴
77 908 81 915 “
111 916 216 991 nullis
235 907 486 1012 reprehensum
509 926 603 1008 erat,
628 927 821 1009 antequam
841 910 1104 1010 prolegomena
1138 914 1152 973 'l

112 1015 306 1119 prodirent.
365 1009 503 1091 Omnia
523 1009 616 1105 sere,
647 1036 741 1113 quae
764 1012 808 1090 ad
831 1012 1030 1113 pleniorem
1048 1008 1105 1087 sa·
1141 1040 1150 1063 ··

112 1123 294 1221 pientiae‚'
324 1114 505 1294 religionis
535 1134 571 1193 et
602 1115 806 1215 theologiae
836 1113 1144 1216 Aegyptiorum·

113 1225 360 1322 cognitionem
397 1242 506 1317 acere
519 1212 681 1318 possint,
709 1225 746 1294 in
767 1243 883 1295 unum
905 1210 1006 1317 quast
1026 1214 1107 1295 col·
1145 1234 1152 1279 τ

113 1322 205 1400 tetta
220 1326 453 1404 inveniuntur
468 1327 505 1397 ln
522 1322 795 1423 prolegomenis.
831 1318 986 1399 Additae
1001 1328 1123 1420 praed,

114 1442 213 1505 terea
239 1423 318 1504 lunt
343 1430 578 1525 cogitationes
603 1422 648 1501 de
677 1430 816 1524 origine
839 1423 956 1501 cultus
981 1440 1110 1499 tauto·
1129 1488 1148 1499 ..

114 1553 219 1625 rum,
241 1528 451 1627 complexae
465 1531 621 1605 rationes
635 1527 807 1629 quasdam
826 1526 1038 1626 probabiles,
1059 1547 1110 1611 ers
1149 1577 1152 1587 ·

115 1631 246 1733 quibus
262 1629 407 1737 perspici
423 1630 556 1729 queat,
570 1654 727 1730 quanam
743 1629 788 1707 de
804 1626 919 1707 caussa
932 1653 1013 1708 non
1028 1624 1111 1705 Ae.-

70 1828 75 1837 .
169 1739 228 1834 ptii
247 1733 374 1824 modo,
400 1732 558 1833 aliaeque
576 1750 716 1832 gentes,
738 1758 865 1809 vetum
880 1726 942 1832 ipsa
958 1752 1112 1831 quoque
1131 1724 1141 1789 Γ

116 1839 131 1913 l
147 1837 300 1933 radlitae,
316 1835 416 1913 cultu
432 1834 628 1913 vitulorum
644 1830 823 1913 infinitum
839 1860 975 1912 numen
990 1832 1113 1912 offen·

116 1938 203 2017 dere
219 1934 449 2015 sustinuerint.
503 1939 544 2015 ln
557 1962 667 2037 opere
681 1937 755 2038 ipso
768 1938 898 2018 audior
911 1956 991 2017 tum
1009 1954 1129 2013 vete··
1149 1960 1152 1965 ·

115 2066 201 2127 rum
230 2039 390 2143 Aegypti
418 2038 711 2141 philosophorum
739 2042 918 2121 dodlrinas
932 2040 1113 2141 explicat,
1143 2064 1147 2077 ·

118 2163 198 2225 tum
220 2148 308 2222 ritus
326 2141 596 2243 Aegyptiorum
616 2145 816 2244 permultos
839 2150 1005 2246 exponit,
1031 2160 1116 2221 tum

118 2244 228 2324 etiam
256 2242 508 2324 difficilioribus
539 2244 750 2347 quibusdam
777 2250 885 2341 locis,
919 2270 1011 2349 quae
1037 2243 1115 2323 sae·
1136 2282 1152 2305 ··

95 2350 202 2452 ¹pius
231 2348 453 2427 eruditorum
484 2355 646 2426 virorum
684 2368 924 2428 exercuerunt
957 2353 1115 2450 ingenia,

1 2503 2 2508 =
120 2458 243 2532 lucem
264 2449 413 2527 affundit
433 2451 629 2528 clariorem.
683 2454 938 2554 Quaecunque
961 2476 1052 2531 vero
1067 2450 1116 2528 de

26 2548 33 2557 ’
121 2554 393 2655 Aegyptiorum
422 2551 591 2631 lautino
615 2555 821 2656 artibusque
846 2555 964 2659 priscis
988 2572 1026 2633 et
1049 2572 1136 2654 gre-¹

122 2661 241 2737 nuinis
266 2651 414 2733 dicenda
444 2673 563 2751 erant,
596 2682 639 2734 ea
664 2665 789 2736 omnia
817 2657 1118 2758 exscriptoribus

124 2764 269 2861 optimis
291 2782 423 2859 magna
445 2756 607 2836 industria
638 2769 748 2857 eruit,
780 2787 918 2863 eosque
940 2761 984 2839 ab
1005 2768 1118 2840 inter·

3 2882 5 2889 ⁴
124 2858 368 2966 polationibus
408 2861 641 2941 Graecorum·
674 2866 932 2942 recentioribus
971 2863 1119 2943 sollicite

124 2960 329 3041 vindicavit.
387 2963 530 3040 Deinde
559 2991 649 3043 vero
674 2971 712 3042 in
737 2966 770 3042 id
798 2966 919 3045 sedulo
943 2968 1120 3063 incubuit,

125 3083 167 3145 ut
188 3070 336 3143 nomina
359 3067 527 3144 Deorum
549 3066 837 3172 Aegyptiorum,
875 3072 1011 3172 aliaque
1038 3068 1119 3146 Ae·

125 3174 256 3273 gyptiis
275 3175 443 3269 propria,
469 3194 548 3247 non
570 3196 616 3247 ex
639 3179 828 3275 peregrino
851 3174 1119 3269 Hebraeorum,

126 3270 315 3371 Arabum,
337 3279 520 3350 autetiam
535 3274 766 3355 Graecorum
781 3276 966 3373 sermone,
988 3274 1045 3353 sed
1070 3300 1120 3351 ex

62 3428 68 3445 .
127 3380 222 3452 avita
249 3372 515 3474 Aegyptiorum
549 3376 718 3475 dialedlo,
755 3383 856 3454 cuius
883 3381 1048 3480 reliquiae
1077 3382 1120 3457 iu

124 3476 248 3577 lingua
262 3482 310 3554 ita
326 3474 416 3554 dieta
430 3474 582 3578 Coptica
596 3479 795 3558 hodienum
816 3479 1021 3585 supersunt,
1043 3480 1119 3559 dili·

128 3598 257 3683 genter
277 3580 467 3682 explicaret
487 3598 595 3683 atque
615 3580 806 3661 illustraret.

173 3736 221 3803 cf.
243 3736 426 3802 Relationes
451 3739 491 3802 de
514 3739 600 3805 libris
622 3744 715 3806 novis
736 3740 884 3825 Gotting.
906 3742 988 3807 Fasc.
1005 3740 1059 3807 lll.
1087 3764 1119 3831 p.

219 3838 384 3905 ato-275.
414 3822 498 3887 Fasc.
516 3824 571 3889 ill.
597 3847 626 3909 p.
646 3828 828 3907 tib-560.¹
851 3829 948 3892 Cuius
972 3830 1122 3893 censoria

217 3907 346 3979 ausint,
376 3930 401 3972 1.
422 3931 452 3972 n.
477 3932 744 3991 minitantia,
766 3918 866 3990 varias
885 3914 1123 3980 animadversio·

219 4014 277 4061 oea
293 3993 402 4060 dodica
421 3994 575 4078 adspersit.

1027 4119 1121 4188 Nova
