2422 4628
117 212 209 305 με·
425 206 780 309 δινῇιιωηάνιῡω
926 164 943 283 ,Ι
984 154 990 245 ἶ

114 394 255 479 trudere
270 389 439 494 voluisse,
461 420 509 475 ne
526 393 699 483 letiorem
715 400 754 473 in
768 390 924 475 leedone
936 390 1024 477 histo

115 514 363 597 morarentur,
382 516 520 578 monet
566 498 716 577 Tradita
734 521 754 576 a
770 497 971 600 veteribus,
991 516 1024 579 ei

115 599 239 682 bulosa
253 603 435 681 nonnullis
449 600 532 700 visa,
551 599 727 680 declarare
740 618 777 681 et
789 603 981 680 concilim
997 626 1024 681 a

10 746 13 755 ·
116 713 210 785 titur.
240 700 431 783 Vetsrones
451 696 722 806 peregrinatum¹
735 706 937 805 linguarum
954 703 999 783 ad
1017 732 1024 765 ¹

115 808 205 887 bum
223 806 343 885 reddit
377 809 419 884 ln
437 813 627 910 prooemio
644 805 802 885 recenset
820 805 1020 910 scriptores,

115 928 200 991 ante
216 935 301 988 eum
321 907 367 986 de
383 909 491 988 rebus
505 906 737 990 Habeffinicis
757 908 993 991 commentati
1010 910 1024 987 l

116 1014 430 1092 Commentarlum
448 1013 492 1090 ad
504 1012 635 1091 librum
649 1020 804 1113 primum
820 1012 958 1092 orditur
975 1038 999 1092 a
1018 1034 1024 1090 t

141 1122 241 1194 done
258 1132 295 1195 et
314 1114 534 1195 derivatione
554 1116 721 1195 vocabuli
739 1110 921 1194 Habeffini
939 1120 1024 1195 exi

114 1141 195 1297 her
213 1219 346 1321 lingua.
396 1218 512 1297 Porro
530 1225 678 1320 exponit
697 1220 916 1299 latitudinem
932 1238 970 1299 et
988 1245 1024 1321 aa

114 1327 287 1424 gultatern
301 1327 457 1400 nominis
468 1320 704 1423 Aethiopum,
722 1320 937 1426 copioseque
950 1321 1024 1403 dei

110 1448 206 1529 pore
230 1421 523 1504 transfretationis
545 1422 825 1504 Habeffinorum
844 1452 891 1503 ex
908 1423 1024 1507 Arabi

116 1527 347 1627 Aethiopiam
373 1526 531 1630 disputat.
581 1525 670 1631 Agit
695 1552 843 1631 quoque
871 1527 1024 1609 distindie

116 1626 258 1708 Sabaeis
272 1628 331 1708 seu
347 1629 564 1727 Homeritis,
582 1630 764 1710 Axumitis
777 1648 814 1708 et
828 1631 1009 1729 Nubaeis,

115 1757 270 1835 rumque
283 1734 519 1837 homonymis
530 1733 737 1837 pygmaeis,
760 1758 853 1834 quos
872 1736 961 1812 olim
975 1735 1024 1814 ho

115 1860 189 1937 que
202 1834 371 1934 exsiliisse,
385 1839 505 1917 multis
517 1856 591 1916 tam
605 1856 767 1917 veterum
779 1860 889 1939 quam
900 1856 1024 1917 recent

115 1936 324 2019 testimoniis
338 1939 490 2042 probare
505 1958 666 2021 conatur.
700 1939 816 2020 Porto
832 1948 1009 2042 quoniam

116 2038 244 2119 belsrni
262 2041 403 2123 saeculo
415 2044 485 2123 XV
498 2045 610 2146 vulgo
630 2043 706 2124 ludi
724 2048 845 2122 vocati
862 2041 961 2140 sunt,
988 2044 1024 2120 dr

115 2140 245 2225 iiiluna
263 2146 428 2227 vocabuli
447 2149 553 2226 huius
572 2164 646 2226 tam
662 2143 756 2248 apud
775 2144 961 2248 scriptores
982 2169 1024 2249 pr

114 2272 206 2429 lit
220 2244 910 2456 iihtltlllttltlithlt
938 2248 1024 2431 {h

114 2450 285 2555 signanda
308 2457 458 2547 indicata
489 2459 745 2560 etymologiam
768 2479 891 2532 veram
911 2461 1020 2534 maris

113 2555 181 2657 bri,
203 2577 240 2640 et
256 2560 475 2641 latitudinem
491 2568 699 2662 variamque
713 2565 790 2637 eius
802 2552 1024 2658 fignificarior

98 2671 271 2768 ¹exponit.
321 2664 476 2749 Mendes
495 2682 731 2743 numerorum
749 2667 786 2738 in
801 2658 906 2739 sacris
923 2688 1024 2741 nonu

113 2792 225 2871 quam
246 2768 391 2864 obvias,
420 2775 458 2846 in
482 2766 639 2869 profanis
664 2790 754 2843 vero
781 2762 1009 2867 scriptoribus

140 2870 359 2951 uentlllinras
389 2867 459 2948 eisc
482 2869 598 2950 statuit
626 2886 663 2947 et
693 2868 863 2968 exemplis
893 2864 1024 2946 cousin

26 3040 33 3055 ,
112 2898 241 3077 hegna
263 2970 452 3053 Habaffiae
478 2999 524 3050 ex
554 2972 729 3072 Godigno
757 2994 845 3048 cum
871 2966 1008 3072 epierisr

112 3095 321 3165 enumeratr
345 3076 493 3156 insulam
507 3079 664 3153 Meroen
678 3072 770 3174 apud
785 3090 926 3151 veteres
939 3072 1024 3152 celei

112 3198 199 3275 tam,
220 3204 340 3282 neque
354 3204 505 3281 regnum
519 3179 669 3278 Gojam,
690 3200 810 3279 neque
823 3173 930 3252 hodie
946 3202 1024 3281 amp

110 3282 260 3359 irrl'uiaru
283 3280 352 3360 esse
376 3301 494 3386 putat3
530 3289 645 3359 immo
671 3304 740 3356 nec
768 3276 813 3355 de
838 3284 991 3357 nomine
1018 3310 1024 3351 r

110 3382 289 3463 hodierno
325 3393 418 3477 inter
455 3382 685 3485 geographos
720 3387 918 3458 convenire
954 3408 1024 3463 mo

110 3486 263 3566 Novum
293 3486 443 3566 modum
469 3484 657 3586 Alphabeti
684 3480 887 3561 universalis
910 3505 1024 3588 propo

110 3613 188 3691 quo
213 3590 347 3667 litterae
372 3588 519 3667 Latinae
544 3593 592 3665 ita
617 3583 960 3686 accommodantur,
988 3604 1024 3669 ut

52 3690 55 3695 ’
109 3718 240 3773 orrrnes
257 3698 419 3769 nationes
433 3694 573 3766 exotica
591 3688 784 3785 voeabula,
806 3694 1016 3791 peregrinos

109 3814 265 3875 terarum
286 3794 428 3871 valores
449 3788 509 3865 seu
531 3790 640 3873 sonos
664 3791 848 3889 habentia,
871 3796 1013 3873 ratione

108 3898 202 3995 quill
227 3894 376 3973 scribere
404 3886 543 3997 poffint.
604 3893 702 3973 Hinc
736 3891 901 3972 adversus
929 3895 1024 3997 phlle

105 3998 202 4109 piros
226 3996 403 4103 quosdam
428 4005 465 4076 io
491 4020 637 4078 menam
659 3997 853 4098 descendit,
886 4014 926 4079 ut
951 4024 1024 4079 zon

981 4106 1024 4185 tc*
