<?xml version="1.0" encoding="UTF-8"?>
<!DOCTYPE html PUBLIC "-//W3C//DTD XHTML 1.0 Transitional//EN"
    "http://www.w3.org/TR/xhtml1/DTD/xhtml1-transitional.dtd">
<html xmlns="http://www.w3.org/1999/xhtml" xml:lang="en" lang="en">
 <head>
  <title>
</title>
<meta http-equiv="Content-Type" content="text/html;charset=utf-8" />
  <meta name='ocr-system' content='tesseract 3.04.00' />
  <meta name='ocr-capabilities' content='ocr_page ocr_carea ocr_par ocr_line ocrx_word'/>
</head>
<body>
  <div class='ocr_page' id='page_1' title='image "bibliothecahist00budegoog_0036.png"; bbox 0 0 2422 4628; ppageno 0'>
   <div class='ocr_carea' id='block_1_1' title="bbox 70 206 838 306">
    <p class='ocr_par' dir='ltr' id='par_1_1' title="bbox 70 206 838 306">
     <span class='ocr_line' id='line_1_1' title="bbox 70 206 838 306; baseline -0.02 -11"><span class='ocrx_word' id='word_1_1' title='bbox 70 234 73 239; x_wconf 85' lang='lat'>&#39;</span> <span class='ocrx_word' id='word_1_2' title='bbox 173 242 222 293; x_wconf 82' lang='lat' dir='ltr'>so</span> <span class='ocrx_word' id='word_1_3' title='bbox 482 206 662 306; x_wconf 73' lang='lat' dir='ltr'>Scriptores</span> <span class='ocrx_word' id='word_1_4' title='bbox 683 206 722 283; x_wconf 79' lang='lat' dir='ltr'>dc</span> <span class='ocrx_word' id='word_1_5' title='bbox 742 208 838 285; x_wconf 79' lang='lat' dir='ltr'>rebus</span> 
     </span>
    </p>
   </div>
   <div class='ocr_carea' id='block_1_2' title="bbox 133 386 1166 1018">
    <p class='ocr_par' dir='ltr' id='par_1_2' title="bbox 133 386 1166 1018">
     <span class='ocr_line' id='line_1_2' title="bbox 133 386 1162 497; baseline -0.009 -15"><span class='ocrx_word' id='word_1_6' title='bbox 133 444 140 453; x_wconf 93' lang='lat'>·</span> <span class='ocrx_word' id='word_1_7' title='bbox 170 386 703 481; x_wconf 76' lang='lat' dir='ltr'>brininttrice&#39;Christianorum</span> <span class='ocrx_word' id='word_1_8' title='bbox 719 389 784 473; x_wconf 89' lang='lat' dir='ltr'>sub</span> <span class='ocrx_word' id='word_1_9' title='bbox 797 393 888 496; x_wconf 85' lang='lat' dir='ltr'><strong>Imp.</strong></span> <span class='ocrx_word' id='word_1_10' title='bbox 903 391 960 471; x_wconf 91' lang='lat' dir='ltr'>M.</span> <span class='ocrx_word' id='word_1_11' title='bbox 969 389 1162 497; x_wconf 64' lang='lat' dir='ltr'>Muto·</span> 
     </span>
     <span class='ocr_line' id='line_1_3' title="bbox 171 493 1164 594; baseline -0.009 -9"><span class='ocrx_word' id='word_1_12' title='bbox 171 513 274 585; x_wconf 85' lang='lat' dir='ltr'>nino.</span> <span class='ocrx_word' id='word_1_13' title='bbox 312 497 488 594; x_wconf 71' lang='lat' dir='ltr'>Austros.</span> <span class='ocrx_word' id='word_1_14' title='bbox 517 505 625 589; x_wconf 78' lang='lat'><strong>1683.</strong></span> <span class='ocrx_word' id='word_1_15' title='bbox 650 523 687 589; x_wconf 83' lang='lat'>4.</span> <span class='ocrx_word' id='word_1_16' title='bbox 723 503 800 574; x_wconf 83' lang='lat' dir='ltr'>r&#39;br&#39;d.</span> <span class='ocrx_word' id='word_1_17' title='bbox 831 493 1164 592; x_wconf 51' lang='lat' dir='ltr'>1696.,4.(Ed1tio</span> 
     </span>
     <span class='ocr_line' id='line_1_4' title="bbox 171 594 1165 702; baseline -0.01 -15"><span class='ocrx_word' id='word_1_18' title='bbox 171 605 305 702; x_wconf 70' lang='lat' dir='ltr'>anila).</span> <span class='ocrx_word' id='word_1_19' title='bbox 331 605 495 678; x_wconf 77' lang='lat' dir='ltr'>Herborrr.</span> <span class='ocrx_word' id='word_1_20' title='bbox 509 626 551 695; x_wconf 75' lang='lat'>¹7</span> <span class='ocrx_word' id='word_1_21' title='bbox 561 626 615 691; x_wconf 84' lang='lat'>17.</span> <span class='ocrx_word' id='word_1_22' title='bbox 630 595 675 694; x_wconf 61' lang='lat'>43</span> <span class='ocrx_word' id='word_1_23' title='bbox 697 618 734 695; x_wconf 83' lang='lat' dir='ltr'>et</span> <span class='ocrx_word' id='word_1_24' title='bbox 748 607 787 677; x_wconf 90' lang='lat' dir='ltr'>ln</span> <span class='ocrx_word' id='word_1_25' title='bbox 805 603 941 701; x_wconf 71' lang='lat' dir='ltr'>Ugoaet</span> <span class='ocrx_word' id='word_1_26' title='bbox 952 596 1067 676; x_wconf 87' lang='lat' dir='ltr'>Thes.</span> <span class='ocrx_word' id='word_1_27' title='bbox 1080 594 1165 687; x_wconf 78' lang='lat' dir='ltr'>An-</span> 
     </span>
     <span class='ocr_line' id='line_1_5' title="bbox 171 701 1166 812; baseline -0.01 -21"><span class='ocrx_word' id='word_1_28' title='bbox 171 717 257 812; x_wconf 85' lang='lat' dir='ltr'>tiqq.</span> <span class='ocrx_word' id='word_1_29' title='bbox 280 705 362 784; x_wconf 89' lang='lat' dir='ltr'>sacr.</span> <span class='ocrx_word' id='word_1_30' title='bbox 379 705 431 783; x_wconf 90' lang='lat' dir='ltr'>T.</span> <span class='ocrx_word' id='word_1_31' title='bbox 450 703 476 780; x_wconf 92' lang='lat' dir='ltr'>l.</span> <span class='ocrx_word' id='word_1_32' title='bbox 494 703 557 787; x_wconf 83' lang='lat' dir='ltr'>Nr.</span> <span class='ocrx_word' id='word_1_33' title='bbox 570 704 614 781; x_wconf 90' lang='lat' dir='ltr'>V.</span> <span class='ocrx_word' id='word_1_34' title='bbox 640 745 691 764; x_wconf 88' lang='lat'>-·</span> <span class='ocrx_word' id='word_1_35' title='bbox 753 703 896 793; x_wconf 82' lang='lat' dir='ltr'><strong>Contra</strong></span> <span class='ocrx_word' id='word_1_36' title='bbox 928 701 1098 805; x_wconf 86' lang='lat' dir='ltr'>Spenceri</span> <span class='ocrx_word' id='word_1_37' title='bbox 1125 715 1166 781; x_wconf 78' lang='lat' dir='ltr'>et</span> 
     </span>
     <span class='ocr_line' id='line_1_6' title="bbox 169 800 1166 902; baseline -0.01 -11"><span class='ocrx_word' id='word_1_38' title='bbox 169 811 369 892; x_wconf 84' lang='lat' dir='ltr'>Marthaml</span> <span class='ocrx_word' id='word_1_39' title='bbox 389 807 618 902; x_wconf 83' lang='lat' dir='ltr'>sententiam,</span> <span class='ocrx_word' id='word_1_40' title='bbox 646 805 899 885; x_wconf 84' lang='lat' dir='ltr'>Hebraeorum</span> <span class='ocrx_word' id='word_1_41' title='bbox 913 803 1009 883; x_wconf 87' lang='lat' dir='ltr'>sacra</span> <span class='ocrx_word' id='word_1_42' title='bbox 1024 800 1166 884; x_wconf 84' lang='lat' dir='ltr'>eer·</span> 
     </span>
     <span class='ocr_line' id='line_1_7' title="bbox 169 904 1165 1018; baseline -0.009 -24"><span class='ocrx_word' id='word_1_43' title='bbox 169 920 378 1018; x_wconf 85' lang='lat' dir='ltr'>gyptiorum</span> <span class='ocrx_word' id='word_1_44' title='bbox 391 908 515 990; x_wconf 85' lang='lat' dir='ltr'>ritibus</span> <span class='ocrx_word' id='word_1_45' title='bbox 527 908 720 989; x_wconf 86' lang='lat' dir='ltr'>derivanda</span> <span class='ocrx_word' id='word_1_46' title='bbox 731 907 813 1005; x_wconf 84' lang='lat' dir='ltr'>elle,</span> <span class='ocrx_word' id='word_1_47' title='bbox 826 907 1015 1011; x_wconf 85' lang='lat' dir='ltr'>sequentes</span> <span class='ocrx_word' id='word_1_48' title='bbox 1027 904 1165 1006; x_wconf 88' lang='lat' dir='ltr'>septem</span> 
     </span>
    </p>
   </div>
   <div class='ocr_carea' id='block_1_3' title="bbox 21 1008 1164 1114">
    <p class='ocr_par' dir='ltr' id='par_1_3' title="bbox 21 1008 1164 1114">
     <span class='ocr_line' id='line_1_8' title="bbox 21 1008 1164 1114; baseline -0.01 -14"><span class='ocrx_word' id='word_1_49' title='bbox 21 1087 34 1109; x_wconf 73' lang='grc'>,.</span> <span class='ocrx_word' id='word_1_50' title='bbox 170 1015 286 1098; x_wconf 83' lang='lat' dir='ltr'>theles</span> <span class='ocrx_word' id='word_1_51' title='bbox 304 1012 431 1095; x_wconf 72' lang='lat' dir='ltr'>auilor</span> <span class='ocrx_word' id='word_1_52' title='bbox 443 1009 569 1090; x_wconf 84' lang='lat' dir='ltr'>fulcire</span> <span class='ocrx_word' id='word_1_53' title='bbox 583 1036 628 1090; x_wconf 90' lang='lat' dir='ltr'>ac</span> <span class='ocrx_word' id='word_1_54' title='bbox 644 1011 883 1114; x_wconf 89' lang='lat' dir='ltr'>comprobare</span> <span class='ocrx_word' id='word_1_55' title='bbox 898 1009 1021 1090; x_wconf 87' lang='lat' dir='ltr'>studet.</span> <span class='ocrx_word' id='word_1_56' title='bbox 1057 1010 1082 1086; x_wconf 92' lang='lat'>1.</span> <span class='ocrx_word' id='word_1_57' title='bbox 1104 1008 1164 1089; x_wconf 81' lang='lat' dir='ltr'>Ex</span> 
     </span>
    </p>
   </div>
   <div class='ocr_carea' id='block_1_4' title="bbox 169 1086 1166 1223">
    <p class='ocr_par' dir='ltr' id='par_1_4' title="bbox 169 1086 1166 1223">
     <span class='ocr_line' id='line_1_9' title="bbox 169 1086 1166 1223; baseline -0.008 -26"><span class='ocrx_word' id='word_1_58' title='bbox 169 1125 289 1223; x_wconf 84' lang='lat' dir='ltr'>pravis</span> <span class='ocrx_word' id='word_1_59' title='bbox 301 1117 571 1218; x_wconf 84' lang='lat' dir='ltr'>Aegyptiorum</span> <span class='ocrx_word' id='word_1_60' title='bbox 586 1116 769 1212; x_wconf 87' lang='lat' dir='ltr'>motibus,</span> <span class='ocrx_word' id='word_1_61' title='bbox 794 1111 1034 1216; x_wconf 86' lang='lat' dir='ltr'>superstitione</span> <span class='ocrx_word' id='word_1_62' title='bbox 1053 1086 1166 1214; x_wconf 75' lang='lat' dir='ltr'>ltque</span> 
     </span>
    </p>
   </div>
   <div class='ocr_carea' id='block_1_5' title="bbox 53 1214 1177 1321">
    <p class='ocr_par' dir='ltr' id='par_1_5' title="bbox 53 1214 1177 1321">
     <span class='ocr_line' id='line_1_10' title="bbox 53 1214 1177 1321; baseline -0.008 -19"><span class='ocrx_word' id='word_1_63' title='bbox 53 1280 57 1291; x_wconf 78' lang='lat'>‚</span> <span class='ocrx_word' id='word_1_64' title='bbox 89 1278 92 1283; x_wconf 93' lang='lat'>-</span> <span class='ocrx_word' id='word_1_65' title='bbox 168 1222 369 1301; x_wconf 84' lang='lat' dir='ltr'>idololatria</span> <span class='ocrx_word' id='word_1_66' title='bbox 381 1218 494 1296; x_wconf 88' lang='lat' dir='ltr'>multa</span> <span class='ocrx_word' id='word_1_67' title='bbox 508 1216 654 1321; x_wconf 86' lang='lat' dir='ltr'>quidem</span> <span class='ocrx_word' id='word_1_68' title='bbox 668 1216 836 1295; x_wconf 84' lang='lat' dir='ltr'>lsrae‘litae</span> <span class='ocrx_word' id='word_1_69' title='bbox 851 1214 1177 1296; x_wconf 76' lang='lat' dir='ltr'>transsumieruntz-</span> 
     </span>
    </p>
   </div>
   <div class='ocr_carea' id='block_1_6' title="bbox 159 1314 1164 1530">
    <p class='ocr_par' dir='ltr' id='par_1_6' title="bbox 159 1314 1164 1530">
     <span class='ocr_line' id='line_1_11' title="bbox 159 1314 1164 1427; baseline -0.009 -25"><span class='ocrx_word' id='word_1_70' title='bbox 159 1316 228 1405; x_wconf 72' lang='lat' dir='ltr'>&#39;led</span> <span class='ocrx_word' id='word_1_71' title='bbox 245 1340 283 1402; x_wconf 91' lang='lat' dir='ltr'>et</span> <span class='ocrx_word' id='word_1_72' title='bbox 294 1317 416 1399; x_wconf 87' lang='lat' dir='ltr'>sunilla</span> <span class='ocrx_word' id='word_1_73' title='bbox 430 1320 476 1399; x_wconf 91' lang='lat' dir='ltr'>ab</span> <span class='ocrx_word' id='word_1_74' title='bbox 490 1322 565 1400; x_wconf 88' lang='lat' dir='ltr'>aliis</span> <span class='ocrx_word' id='word_1_75' title='bbox 584 1326 709 1399; x_wconf 87' lang='lat' dir='ltr'>vicinis</span> <span class='ocrx_word' id='word_1_76' title='bbox 727 1322 868 1424; x_wconf 88' lang='lat' dir='ltr'>populis</span> <span class='ocrx_word' id='word_1_77' title='bbox 887 1323 1042 1399; x_wconf 84' lang='lat' dir='ltr'>mutuati</span> <span class='ocrx_word' id='word_1_78' title='bbox 1058 1314 1164 1427; x_wconf 78' lang='lat' dir='ltr'>sunt3</span> 
     </span>
     <span class='ocr_line' id='line_1_12' title="bbox 169 1421 1164 1530; baseline -0.004 -25"><span class='ocrx_word' id='word_1_79' title='bbox 169 1450 292 1530; x_wconf 87' lang='lat' dir='ltr'>neque</span> <span class='ocrx_word' id='word_1_80' title='bbox 312 1423 358 1502; x_wconf 88' lang='lat' dir='ltr'>ab</span> <span class='ocrx_word' id='word_1_81' title='bbox 378 1421 574 1526; x_wconf 83' lang='lat' dir='ltr'>Aegyptiis·</span> <span class='ocrx_word' id='word_1_82' title='bbox 588 1448 631 1502; x_wconf 88' lang='lat' dir='ltr'>ea</span> <span class='ocrx_word' id='word_1_83' title='bbox 650 1430 792 1523; x_wconf 85' lang='lat' dir='ltr'>omnia,</span> <span class='ocrx_word' id='word_1_84' title='bbox 823 1448 916 1526; x_wconf 84' lang='lat' dir='ltr'>quae</span> <span class='ocrx_word' id='word_1_85' title='bbox 937 1421 1101 1502; x_wconf 82' lang='lat' dir='ltr'>nonnulli</span> <span class='ocrx_word' id='word_1_86' title='bbox 1121 1425 1164 1501; x_wconf 74' lang='lat' dir='ltr'>lb</span> 
     </span>
    </p>
   </div>
   <div class='ocr_carea' id='block_1_7' title="bbox 26 1523 1165 1630">
    <p class='ocr_par' dir='ltr' id='par_1_7' title="bbox 26 1523 1165 1630">
     <span class='ocr_line' id='line_1_13' title="bbox 26 1523 1165 1630; baseline -0.005 -21"><span class='ocrx_word' id='word_1_87' title='bbox 26 1556 29 1566; x_wconf 88' lang='lat'><em>·</em></span> <span class='ocrx_word' id='word_1_88' title='bbox 169 1536 223 1608; x_wconf 91' lang='lat' dir='ltr'>uti</span> <span class='ocrx_word' id='word_1_89' title='bbox 263 1533 384 1630; x_wconf 89' lang='lat' dir='ltr'>primis</span> <span class='ocrx_word' id='word_1_90' title='bbox 420 1526 671 1605; x_wconf 83' lang='lat' dir='ltr'>inventoribus</span> <span class='ocrx_word' id='word_1_91' title='bbox 716 1524 978 1629; x_wconf 83' lang='lat' dir='ltr'>adscripserunt.</span> <span class='ocrx_word' id='word_1_92' title='bbox 1040 1525 1086 1601; x_wconf 91' lang='lat' dir='ltr'>ll.</span> <span class='ocrx_word' id='word_1_93' title='bbox 1118 1523 1165 1604; x_wconf 87' lang='lat' dir='ltr'>ln</span> 
     </span>
    </p>
   </div>
   <div class='ocr_carea' id='block_1_8' title="bbox 168 1624 1162 1734">
    <p class='ocr_par' dir='ltr' id='par_1_8' title="bbox 168 1624 1162 1734">
     <span class='ocr_line' id='line_1_14' title="bbox 168 1624 1162 1734; baseline 0 -27"><span class='ocrx_word' id='word_1_94' title='bbox 168 1629 418 1734; x_wconf 79' lang='lat' dir='ltr'><strong>dogmatibus,</strong></span> <span class='ocrx_word' id='word_1_95' title='bbox 439 1626 619 1724; x_wconf 85' lang='lat' dir='ltr'>institutis,</span> <span class='ocrx_word' id='word_1_96' title='bbox 643 1629 784 1725; x_wconf 87' lang='lat' dir='ltr'>ritibus,</span> <span class='ocrx_word' id='word_1_97' title='bbox 809 1631 928 1709; x_wconf 89' lang='lat' dir='ltr'>aDeo</span> <span class='ocrx_word' id='word_1_98' title='bbox 944 1624 1162 1732; x_wconf 77' lang='lat' dir='ltr'>approbatis,</span> 
     </span>
    </p>
   </div>
   <div class='ocr_carea' id='block_1_9' title="bbox 38 1730 1163 1839">
    <p class='ocr_par' dir='ltr' id='par_1_9' title="bbox 38 1730 1163 1839">
     <span class='ocr_line' id='line_1_15' title="bbox 38 1730 1163 1839; baseline -0.002 -29"><span class='ocrx_word' id='word_1_99' title='bbox 38 1746 41 1751; x_wconf 85' lang='lat'>&#39;</span> <span class='ocrx_word' id='word_1_100' title='bbox 159 1759 250 1839; x_wconf 86' lang='lat' dir='ltr'>¹non</span> <span class='ocrx_word' id='word_1_101' title='bbox 270 1730 319 1810; x_wconf 87' lang='lat' dir='ltr'>est</span> <span class='ocrx_word' id='word_1_102' title='bbox 345 1750 445 1811; x_wconf 87' lang='lat' dir='ltr'>tanta</span> <span class='ocrx_word' id='word_1_103' title='bbox 464 1737 556 1810; x_wconf 84' lang='lat' dir='ltr'>inter</span> <span class='ocrx_word' id='word_1_104' title='bbox 575 1731 780 1834; x_wconf 84' lang='lat' dir='ltr'>Aegyptios</span> <span class='ocrx_word' id='word_1_105' title='bbox 800 1749 837 1810; x_wconf 87' lang='lat' dir='ltr'>et</span> <span class='ocrx_word' id='word_1_106' title='bbox 858 1732 1047 1811; x_wconf 87' lang='lat' dir='ltr'>Hebraeos</span> <span class='ocrx_word' id='word_1_107' title='bbox 1069 1753 1163 1809; x_wconf 89' lang='lat' dir='ltr'>con·</span> 
     </span>
    </p>
   </div>
   <div class='ocr_carea' id='block_1_10' title="bbox 168 1833 1163 1937">
    <p class='ocr_par' dir='ltr' id='par_1_10' title="bbox 168 1833 1163 1937">
     <span class='ocr_line' id='line_1_16' title="bbox 168 1833 1163 1937; baseline -0.003 -23"><span class='ocrx_word' id='word_1_108' title='bbox 168 1841 371 1932; x_wconf 85' lang='lat' dir='ltr'>uenientia,</span> <span class='ocrx_word' id='word_1_109' title='bbox 395 1849 569 1937; x_wconf 88' lang='lat' dir='ltr'>quantam</span> <span class='ocrx_word' id='word_1_110' title='bbox 592 1841 659 1913; x_wconf 87' lang='lat' dir='ltr'>viri</span> <span class='ocrx_word' id='word_1_111' title='bbox 678 1833 803 1913; x_wconf 87' lang='lat' dir='ltr'>eruditi</span> <span class='ocrx_word' id='word_1_112' title='bbox 818 1835 1054 1937; x_wconf 85' lang='lat' dir='ltr'>praedicant,</span> <span class='ocrx_word' id='word_1_113' title='bbox 1082 1856 1163 1912; x_wconf 88' lang='lat' dir='ltr'>uon</span> 
     </span>
    </p>
   </div>
   <div class='ocr_carea' id='block_1_11' title="bbox 18 1934 1163 2039">
    <p class='ocr_par' dir='ltr' id='par_1_11' title="bbox 18 1934 1163 2039">
     <span class='ocr_line' id='line_1_17' title="bbox 18 1934 1163 2039; baseline -0.003 -22"><span class='ocrx_word' id='word_1_114' title='bbox 18 1964 21 1973; x_wconf 90' lang='lat'><em>·</em></span> <span class='ocrx_word' id='word_1_115' title='bbox 168 1955 275 2019; x_wconf 82' lang='lat' dir='ltr'>caute</span> <span class='ocrx_word' id='word_1_116' title='bbox 303 1935 462 2038; x_wconf 86' lang='lat' dir='ltr'>semper,</span> <span class='ocrx_word' id='word_1_117' title='bbox 503 1936 722 2039; x_wconf 83' lang='lat' dir='ltr'>quandoque</span> <span class='ocrx_word' id='word_1_118' title='bbox 756 1962 827 2014; x_wconf 90' lang='lat' dir='ltr'>nec</span> <span class='ocrx_word' id='word_1_119' title='bbox 865 1936 958 2014; x_wconf 87' lang='lat' dir='ltr'>calle</span> <span class='ocrx_word' id='word_1_120' title='bbox 991 1934 1070 2013; x_wconf 87' lang='lat' dir='ltr'>satis</span> <span class='ocrx_word' id='word_1_121' title='bbox 1097 1949 1163 2015; x_wconf 86' lang='lat' dir='ltr'>aut</span> 
     </span>
    </p>
   </div>
   <div class='ocr_carea' id='block_1_12' title="bbox 167 2021 1164 2143">
    <p class='ocr_par' dir='ltr' id='par_1_12' title="bbox 167 2021 1164 2143">
     <span class='ocr_line' id='line_1_18' title="bbox 167 2021 1164 2143; baseline -0.002 -26"><span class='ocrx_word' id='word_1_122' title='bbox 167 2021 303 2119; x_wconf 36' lang='lat' dir='ltr'>lancie..</span> <span class='ocrx_word' id='word_1_123' title='bbox 348 2040 405 2118; x_wconf 93' lang='lat' dir='ltr'>lll.</span> <span class='ocrx_word' id='word_1_124' title='bbox 430 2037 504 2118; x_wconf 88' lang='lat' dir='ltr'>Ubi</span> <span class='ocrx_word' id='word_1_125' title='bbox 525 2047 751 2119; x_wconf 86' lang='lat' dir='ltr'>conveniunt</span> <span class='ocrx_word' id='word_1_126' title='bbox 770 2039 940 2143; x_wconf 77' lang='lat' dir='ltr'>Aegyptii</span> <span class='ocrx_word' id='word_1_127' title='bbox 961 2057 1068 2139; x_wconf 89' lang='lat' dir='ltr'>atque</span> <span class='ocrx_word' id='word_1_128' title='bbox 1085 2037 1164 2115; x_wconf 88' lang='lat' dir='ltr'>He·</span> 
     </span>
    </p>
   </div>
   <div class='ocr_carea' id='block_1_13' title="bbox 45 2142 1165 2246">
    <p class='ocr_par' dir='ltr' id='par_1_13' title="bbox 45 2142 1165 2246">
     <span class='ocr_line' id='line_1_19' title="bbox 45 2142 1165 2246; baseline -0.002 -25"><span class='ocrx_word' id='word_1_129' title='bbox 45 2154 48 2159; x_wconf 86' lang='lat'>&#39;</span> <span class='ocrx_word' id='word_1_130' title='bbox 167 2142 288 2242; x_wconf 86' lang='lat' dir='ltr'>brael,</span> <span class='ocrx_word' id='word_1_131' title='bbox 313 2165 357 2219; x_wconf 90' lang='lat' dir='ltr'>ea</span> <span class='ocrx_word' id='word_1_132' title='bbox 372 2167 458 2222; x_wconf 91' lang='lat' dir='ltr'>curn</span> <span class='ocrx_word' id='word_1_133' title='bbox 473 2143 547 2223; x_wconf 84' lang='lat' dir='ltr'>aliis</span> <span class='ocrx_word' id='word_1_134' title='bbox 562 2142 815 2222; x_wconf 84' lang='lat' dir='ltr'>moratioribus</span> <span class='ocrx_word' id='word_1_135' title='bbox 833 2143 974 2246; x_wconf 86' lang='lat' dir='ltr'>populis</span> <span class='ocrx_word' id='word_1_136' title='bbox 993 2166 1165 2220; x_wconf 88' lang='lat' dir='ltr'>commu·</span> 
     </span>
    </p>
   </div>
   <div class='ocr_carea' id='block_1_14' title="bbox 71 2242 1163 4093">
    <p class='ocr_par' dir='ltr' id='par_1_14' title="bbox 71 2242 1163 2933">
     <span class='ocr_line' id='line_1_20' title="bbox 168 2242 1163 2338; baseline -0.003 -14"><span class='ocrx_word' id='word_1_137' title='bbox 168 2252 231 2324; x_wconf 88' lang='lat' dir='ltr'>nia</span> <span class='ocrx_word' id='word_1_138' title='bbox 249 2243 473 2338; x_wconf 88' lang='lat' dir='ltr'>habuerunt,</span> <span class='ocrx_word' id='word_1_139' title='bbox 495 2242 617 2320; x_wconf 86' lang='lat' dir='ltr'>hausta</span> <span class='ocrx_word' id='word_1_140' title='bbox 630 2270 675 2320; x_wconf 85' lang='lat' dir='ltr'>ex</span> <span class='ocrx_word' id='word_1_141' title='bbox 692 2252 881 2323; x_wconf 90' lang='lat' dir='ltr'>communi</span> <span class='ocrx_word' id='word_1_142' title='bbox 901 2244 1004 2323; x_wconf 82' lang='lat' dir='ltr'>fonte</span> <span class='ocrx_word' id='word_1_143' title='bbox 1025 2245 1084 2323; x_wconf 83' lang='lat' dir='ltr'>vel</span> <span class='ocrx_word' id='word_1_144' title='bbox 1103 2260 1163 2321; x_wconf 55' lang='lat' dir='ltr'>rai</span> 
     </span>
     <span class='ocr_line' id='line_1_21' title="bbox 169 2345 1163 2449; baseline 0 -24"><span class='ocrx_word' id='word_1_145' title='bbox 169 2349 299 2441; x_wconf 86' lang='lat' dir='ltr'>tionls‚</span> <span class='ocrx_word' id='word_1_146' title='bbox 324 2346 381 2422; x_wconf 91' lang='lat' dir='ltr'>vel</span> <span class='ocrx_word' id='word_1_147' title='bbox 397 2345 614 2434; x_wconf 81' lang='lat' dir='ltr'>traditionis3</span> <span class='ocrx_word' id='word_1_148' title='bbox 640 2370 793 2446; x_wconf 89' lang='lat' dir='ltr'>quarum</span> <span class='ocrx_word' id='word_1_149' title='bbox 810 2363 961 2449; x_wconf 89' lang='lat' dir='ltr'>utraque</span> <span class='ocrx_word' id='word_1_150' title='bbox 974 2345 1069 2446; x_wconf 88' lang='lat' dir='ltr'>apud</span> <span class='ocrx_word' id='word_1_151' title='bbox 1083 2347 1163 2425; x_wconf 91' lang='lat' dir='ltr'>He·</span> 
     </span>
     <span class='ocr_line' id='line_1_22' title="bbox 71 2446 1163 2550; baseline 0.002 -25"><span class='ocrx_word' id='word_1_152' title='bbox 71 2477 73 2481; x_wconf 63' lang='grc'>’</span> <span class='ocrx_word' id='word_1_153' title='bbox 168 2448 300 2525; x_wconf 85' lang='lat' dir='ltr'>bracos</span> <span class='ocrx_word' id='word_1_154' title='bbox 320 2453 443 2548; x_wconf 87' lang='lat' dir='ltr'>purior</span> <span class='ocrx_word' id='word_1_155' title='bbox 457 2465 566 2548; x_wconf 89' lang='lat' dir='ltr'>atque</span> <span class='ocrx_word' id='word_1_156' title='bbox 586 2452 828 2550; x_wconf 87' lang='lat' dir='ltr'>incorruptior</span> <span class='ocrx_word' id='word_1_157' title='bbox 842 2446 917 2529; x_wconf 84' lang='lat' dir='ltr'>luit.</span> <span class='ocrx_word' id='word_1_158' title='bbox 967 2450 1027 2526; x_wconf 90' lang='lat' dir='ltr'>lV.</span> <span class='ocrx_word' id='word_1_159' title='bbox 1051 2450 1163 2550; x_wconf 82' lang='lat' dir='ltr'>Qrae</span> 
     </span>
     <span class='ocr_line' id='line_1_23' title="bbox 169 2550 1163 2655; baseline 0.002 -24"><span class='ocrx_word' id='word_1_160' title='bbox 169 2555 283 2631; x_wconf 85' lang='lat' dir='ltr'>aiure</span> <span class='ocrx_word' id='word_1_161' title='bbox 303 2565 452 2628; x_wconf 91' lang='lat' dir='ltr'>naturae</span> <span class='ocrx_word' id='word_1_162' title='bbox 471 2556 688 2647; x_wconf 87' lang='lat' dir='ltr'>remotiora,</span> <span class='ocrx_word' id='word_1_163' title='bbox 708 2550 896 2655; x_wconf 84' lang='lat' dir='ltr'>Aegyptiis</span> <span class='ocrx_word' id='word_1_164' title='bbox 912 2568 1033 2629; x_wconf 87' lang='lat' dir='ltr'>tamen</span> <span class='ocrx_word' id='word_1_165' title='bbox 1053 2573 1163 2655; x_wconf 88' lang='lat' dir='ltr'>atque</span> 
     </span>
     <span class='ocr_line' id='line_1_24' title="bbox 168 2650 1163 2756; baseline 0.009 -28"><span class='ocrx_word' id='word_1_166' title='bbox 168 2650 344 2731; x_wconf 74' lang='lat' dir='ltr'>Hebraeis</span> <span class='ocrx_word' id='word_1_167' title='bbox 380 2659 590 2730; x_wconf 89' lang='lat' dir='ltr'>communia</span> <span class='ocrx_word' id='word_1_168' title='bbox 623 2650 787 2752; x_wconf 83' lang='lat' dir='ltr'>luerunt,</span> <span class='ocrx_word' id='word_1_169' title='bbox 828 2679 871 2731; x_wconf 90' lang='lat' dir='ltr'>ea</span> <span class='ocrx_word' id='word_1_170' title='bbox 886 2655 1044 2756; x_wconf 85' lang='lat' dir='ltr'>probari</span> <span class='ocrx_word' id='word_1_171' title='bbox 1080 2682 1163 2736; x_wconf 91' lang='lat' dir='ltr'>non</span> 
     </span>
     <span class='ocr_line' id='line_1_25' title="bbox 138 2751 1162 2933; baseline 0.007 -102"><span class='ocrx_word' id='word_1_172' title='bbox 138 2796 142 2805; x_wconf 87' lang='lat'><strong>.</strong></span> <span class='ocrx_word' id='word_1_173' title='bbox 168 2751 285 2857; x_wconf 84' lang='lat' dir='ltr'>potest</span> <span class='ocrx_word' id='word_1_174' title='bbox 304 2752 397 2933; x_wconf 66' lang='lat' dir='ltr'>apud</span> <span class='ocrx_word' id='word_1_175' title='bbox 414 2751 618 2856; x_wconf 83' lang='lat' dir='ltr'>Aegyptios</span> <span class='ocrx_word' id='word_1_176' title='bbox 631 2780 741 2857; x_wconf 86' lang='lat' dir='ltr'>quam</span> <span class='ocrx_word' id='word_1_177' title='bbox 755 2756 848 2861; x_wconf 89' lang='lat' dir='ltr'>apud</span> <span class='ocrx_word' id='word_1_178' title='bbox 866 2758 1055 2836; x_wconf 85' lang='lat' dir='ltr'>Hebraeos</span> <span class='ocrx_word' id='word_1_179' title='bbox 1069 2766 1162 2838; x_wconf 84' lang='lat' dir='ltr'>anti·</span> 
     </span>
    </p>

    <p class='ocr_par' dir='ltr' id='par_1_15' title="bbox 143 2851 1162 4093">
     <span class='ocr_line' id='line_1_26' title="bbox 169 2851 1161 2964; baseline 0.01 -31"><span class='ocrx_word' id='word_1_180' title='bbox 169 2861 296 2960; x_wconf 89' lang='lat' dir='ltr'>quiora</span> <span class='ocrx_word' id='word_1_181' title='bbox 355 2851 432 2952; x_wconf 80' lang='lat' dir='ltr'>ille3</span> <span class='ocrx_word' id='word_1_182' title='bbox 466 2881 582 2958; x_wconf 88' lang='lat' dir='ltr'>quum</span> <span class='ocrx_word' id='word_1_183' title='bbox 599 2858 667 2955; x_wconf 90' lang='lat' dir='ltr'>illl,</span> <span class='ocrx_word' id='word_1_184' title='bbox 696 2867 757 2961; x_wconf 90' lang='lat' dir='ltr'>qui</span> <span class='ocrx_word' id='word_1_185' title='bbox 778 2860 985 2962; x_wconf 89' lang='lat' dir='ltr'>laudantur,</span> <span class='ocrx_word' id='word_1_186' title='bbox 1012 2859 1161 2964; x_wconf 89' lang='lat' dir='ltr'>scripto·</span> 
     </span>
     <span class='ocr_line' id='line_1_27' title="bbox 143 2959 1160 3063; baseline 0.01 -27"><span class='ocrx_word' id='word_1_187' title='bbox 143 2964 228 3037; x_wconf 70' lang='lat' dir='ltr'>‘res</span> <span class='ocrx_word' id='word_1_188' title='bbox 260 2982 389 3039; x_wconf 87' lang='lat' dir='ltr'>omnes</span> <span class='ocrx_word' id='word_1_189' title='bbox 422 2959 529 3037; x_wconf 88' lang='lat' dir='ltr'>Mose</span> <span class='ocrx_word' id='word_1_190' title='bbox 562 2985 641 3040; x_wconf 91' lang='lat' dir='ltr'>non</span> <span class='ocrx_word' id='word_1_191' title='bbox 677 2964 797 3063; x_wconf 86' lang='lat' dir='ltr'>paullo</span> <span class='ocrx_word' id='word_1_192' title='bbox 831 2971 1051 3044; x_wconf 77' lang='lat' dir='ltr'>recentiores</span> <span class='ocrx_word' id='word_1_193' title='bbox 1079 2961 1160 3046; x_wconf 84' lang='lat' dir='ltr'>bnt.</span> 
     </span>
     <span class='ocr_line' id='line_1_28' title="bbox 169 3059 1161 3168; baseline 0.008 -30"><span class='ocrx_word' id='word_1_194' title='bbox 169 3063 216 3139; x_wconf 91' lang='lat' dir='ltr'>V.</span> <span class='ocrx_word' id='word_1_195' title='bbox 236 3060 292 3139; x_wconf 86' lang='lat' dir='ltr'>Ex</span> <span class='ocrx_word' id='word_1_196' title='bbox 311 3059 460 3141; x_wconf 80' lang='lat' dir='ltr'>adverso</span> <span class='ocrx_word' id='word_1_197' title='bbox 476 3061 657 3163; x_wconf 90' lang='lat' dir='ltr'>probabile</span> <span class='ocrx_word' id='word_1_198' title='bbox 672 3062 740 3162; x_wconf 87' lang='lat' dir='ltr'>est,</span> <span class='ocrx_word' id='word_1_199' title='bbox 765 3063 967 3168; x_wconf 85' lang='lat' dir='ltr'>Aegyptios</span> <span class='ocrx_word' id='word_1_200' title='bbox 981 3065 1025 3143; x_wconf 90' lang='lat' dir='ltr'>ab</span> <span class='ocrx_word' id='word_1_201' title='bbox 1039 3065 1161 3146; x_wconf 88' lang='lat' dir='ltr'>Abra·</span> 
     </span>
     <span class='ocr_line' id='line_1_29' title="bbox 168 3162 1159 3273; baseline 0.009 -32"><span class='ocrx_word' id='word_1_202' title='bbox 168 3163 293 3260; x_wconf 87' lang='lat' dir='ltr'>hamo,</span> <span class='ocrx_word' id='word_1_203' title='bbox 315 3162 391 3244; x_wconf 85' lang='lat' dir='ltr'>lule</span> <span class='ocrx_word' id='word_1_204' title='bbox 415 3164 480 3260; x_wconf 93' lang='lat' dir='ltr'>ho,</span> <span class='ocrx_word' id='word_1_205' title='bbox 499 3164 618 3263; x_wconf 83' lang='lat' dir='ltr'>Mose,</span> <span class='ocrx_word' id='word_1_206' title='bbox 642 3166 839 3248; x_wconf 88' lang='lat' dir='ltr'>Salomone</span> <span class='ocrx_word' id='word_1_207' title='bbox 852 3172 964 3248; x_wconf 89' lang='lat' dir='ltr'>multa</span> <span class='ocrx_word' id='word_1_208' title='bbox 977 3167 1159 3273; x_wconf 79' lang='lat' dir='ltr'>accepille.</span> 
     </span>
     <span class='ocr_line' id='line_1_30' title="bbox 168 3188 1162 3380; baseline 0.011 -38"><span class='ocrx_word' id='word_1_209' title='bbox 168 3266 231 3344; x_wconf 89' lang='lat' dir='ltr'>Vl.</span> <span class='ocrx_word' id='word_1_210' title='bbox 251 3266 307 3380; x_wconf 71' lang='lat' dir='ltr'>Erp</span> <span class='ocrx_word' id='word_1_211' title='bbox 327 3188 457 3345; x_wconf 67' lang='lat' dir='ltr'>eotllm</span> <span class='ocrx_word' id='word_1_212' title='bbox 476 3261 578 3347; x_wconf 82' lang='lat' dir='ltr'>fonte</span> <span class='ocrx_word' id='word_1_213' title='bbox 593 3269 726 3348; x_wconf 88' lang='lat' dir='ltr'>Graeci</span> <span class='ocrx_word' id='word_1_214' title='bbox 748 3270 959 3369; x_wconf 89' lang='lat' dir='ltr'>hauserunt,</span> <span class='ocrx_word' id='word_1_215' title='bbox 980 3269 1055 3351; x_wconf 85' lang='lat' dir='ltr'>slve</span> <span class='ocrx_word' id='word_1_216' title='bbox 1075 3273 1162 3375; x_wconf 71' lang='grc' dir='ltr'><strong><em>οἱμὲ-</em></strong></span> 
     </span>
     <span class='ocr_line' id='line_1_31' title="bbox 168 3368 1160 3476; baseline 0.013 -32"><span class='ocrx_word' id='word_1_217' title='bbox 168 3399 257 3460; x_wconf 76' lang='lat' dir='ltr'>cuc,</span> <span class='ocrx_word' id='word_1_218' title='bbox 280 3368 354 3449; x_wconf 83' lang='lat' dir='ltr'>ltve</span> <span class='ocrx_word' id='word_1_219' title='bbox 376 3372 540 3470; x_wconf 69' lang='grc' dir='ltr'><strong><em>ἐμμέσως.</em></strong></span> <span class='ocrx_word' id='word_1_220' title='bbox 591 3373 667 3451; x_wconf 91' lang='lat' dir='ltr'>Vll.</span> <span class='ocrx_word' id='word_1_221' title='bbox 692 3374 933 3476; x_wconf 88' lang='lat' dir='ltr'>Nequaquam</span> <span class='ocrx_word' id='word_1_222' title='bbox 947 3375 1012 3454; x_wconf 87' lang='lat' dir='ltr'>luit</span> <span class='ocrx_word' id='word_1_223' title='bbox 1030 3401 1073 3452; x_wconf 90' lang='lat' dir='ltr'>ea</span> <span class='ocrx_word' id='word_1_224' title='bbox 1086 3379 1160 3473; x_wconf 81' lang='lat' dir='ltr'>Del</span> 
     </span>
     <span class='ocr_line' id='line_1_32' title="bbox 168 3469 1159 3581; baseline 0.011 -32"><span class='ocrx_word' id='word_1_225' title='bbox 168 3493 274 3549; x_wconf 87' lang='lat' dir='ltr'>mens</span> <span class='ocrx_word' id='word_1_226' title='bbox 309 3478 347 3548; x_wconf 89' lang='lat' dir='ltr'>in</span> <span class='ocrx_word' id='word_1_227' title='bbox 376 3469 539 3548; x_wconf 83' lang='lat' dir='ltr'>institutis</span> <span class='ocrx_word' id='word_1_228' title='bbox 575 3478 900 3574; x_wconf 80' lang='lat' dir='ltr'>caerimonialibus,</span> <span class='ocrx_word' id='word_1_229' title='bbox 948 3504 1059 3581; x_wconf 91' lang='lat' dir='ltr'>quam</span> <span class='ocrx_word' id='word_1_230' title='bbox 1091 3487 1159 3560; x_wconf 84' lang='lat' dir='ltr'>viri</span> 
     </span>
     <span class='ocr_line' id='line_1_33' title="bbox 168 3568 1159 3684; baseline 0.01 -34"><span class='ocrx_word' id='word_1_231' title='bbox 168 3571 266 3652; x_wconf 81' lang='lat' dir='ltr'>dolll</span> <span class='ocrx_word' id='word_1_232' title='bbox 279 3568 443 3675; x_wconf 76' lang='lat' dir='ltr'>finguntt</span> <span class='ocrx_word' id='word_1_233' title='bbox 471 3589 511 3651; x_wconf 91' lang='lat' dir='ltr'>ut</span> <span class='ocrx_word' id='word_1_234' title='bbox 527 3578 697 3655; x_wconf 86' lang='lat' dir='ltr'>nimirum</span> <span class='ocrx_word' id='word_1_235' title='bbox 719 3584 894 3681; x_wconf 87' lang='lat' dir='ltr'>pervicaci</span> <span class='ocrx_word' id='word_1_236' title='bbox 914 3582 1036 3684; x_wconf 89' lang='lat' dir='ltr'>populi</span> <span class='ocrx_word' id='word_1_237' title='bbox 1055 3589 1159 3683; x_wconf 88' lang='lat' dir='ltr'>inge·</span> 
     </span>
     <span class='ocr_line' id='line_1_34' title="bbox 169 3672 1158 3776; baseline 0.012 -21"><span class='ocrx_word' id='word_1_238' title='bbox 169 3681 235 3755; x_wconf 88' lang='lat' dir='ltr'>nio</span> <span class='ocrx_word' id='word_1_239' title='bbox 259 3672 328 3751; x_wconf 86' lang='lat' dir='ltr'>sele</span> <span class='ocrx_word' id='word_1_240' title='bbox 349 3693 615 3776; x_wconf 87' lang='lat' dir='ltr'>attemperaret,</span> <span class='ocrx_word' id='word_1_241' title='bbox 641 3704 684 3757; x_wconf 90' lang='lat' dir='ltr'>ea</span> <span class='ocrx_word' id='word_1_242' title='bbox 705 3688 743 3760; x_wconf 89' lang='lat' dir='ltr'>ln</span> <span class='ocrx_word' id='word_1_243' title='bbox 763 3684 902 3761; x_wconf 91' lang='lat' dir='ltr'>cultum</span> <span class='ocrx_word' id='word_1_244' title='bbox 922 3683 1025 3762; x_wconf 82' lang='lat' dir='ltr'>suum</span> <span class='ocrx_word' id='word_1_245' title='bbox 1044 3705 1158 3767; x_wconf 86' lang='lat' dir='ltr'>trans·</span> 
     </span>
     <span class='ocr_line' id='line_1_35' title="bbox 168 3774 1159 3891; baseline 0.011 -34"><span class='ocrx_word' id='word_1_246' title='bbox 168 3776 358 3874; x_wconf 77' lang='lat' dir='ltr'>sumendo,</span> <span class='ocrx_word' id='word_1_247' title='bbox 379 3774 438 3854; x_wconf 86' lang='lat' dir='ltr'>sed</span> <span class='ocrx_word' id='word_1_248' title='bbox 454 3778 647 3879; x_wconf 85' lang='lat' dir='ltr'>paullulum</span> <span class='ocrx_word' id='word_1_249' title='bbox 667 3801 828 3886; x_wconf 83' lang='lat' dir='ltr'>purgata,</span> <span class='ocrx_word' id='word_1_250' title='bbox 853 3788 982 3890; x_wconf 86' lang='lat' dir='ltr'>quibus</span> <span class='ocrx_word' id='word_1_251' title='bbox 1001 3797 1159 3891; x_wconf 84' lang='lat' dir='ltr'>peregri·</span> 
     </span>
     <span class='ocr_line' id='line_1_36' title="bbox 169 3875 1156 3990; baseline 0.013 -31"><span class='ocrx_word' id='word_1_252' title='bbox 169 3904 236 3959; x_wconf 84' lang='lat' dir='ltr'>nas</span> <span class='ocrx_word' id='word_1_253' title='bbox 259 3875 517 3983; x_wconf 80' lang='lat' dir='ltr'>superstitiones</span> <span class='ocrx_word' id='word_1_254' title='bbox 538 3886 753 3966; x_wconf 87' lang='lat' dir='ltr'>aemulando</span> <span class='ocrx_word' id='word_1_255' title='bbox 771 3912 881 3990; x_wconf 88' lang='lat' dir='ltr'>prave</span> <span class='ocrx_word' id='word_1_256' title='bbox 903 3889 1156 3972; x_wconf 84' lang='lat' dir='ltr'>adsueverant:</span> 
     </span>
     <span class='ocr_line' id='line_1_37' title="bbox 166 3979 1158 4093; baseline 0.018 -36"><span class='ocrx_word' id='word_1_257' title='bbox 166 3979 228 4059; x_wconf 77' lang='lat' dir='ltr'>led</span> <span class='ocrx_word' id='word_1_258' title='bbox 257 3989 396 4089; x_wconf 82' lang='lat' dir='ltr'>potius,</span> <span class='ocrx_word' id='word_1_259' title='bbox 433 3999 475 4062; x_wconf 89' lang='lat' dir='ltr'>ut</span> <span class='ocrx_word' id='word_1_260' title='bbox 506 3981 690 4069; x_wconf 84' lang='lat' dir='ltr'>labotiolrs</span> <span class='ocrx_word' id='word_1_261' title='bbox 721 3989 791 4071; x_wconf 84' lang='lat' dir='ltr'>istis</span> <span class='ocrx_word' id='word_1_262' title='bbox 819 3998 1010 4093; x_wconf 72' lang='lat' dir='ltr'>exeronn,</span> <span class='ocrx_word' id='word_1_263' title='bbox 1044 3997 1158 4075; x_wconf 87' lang='lat' dir='ltr'>veluti</span> 
     </span>
    </p>
   </div>
   <div class='ocr_carea' id='block_1_15' title="bbox 1064 4104 1155 4201">
    <p class='ocr_par' dir='ltr' id='par_1_16' title="bbox 1064 4104 1155 4201">
     <span class='ocr_line' id='line_1_38' title="bbox 1064 4104 1155 4201; baseline 0.055 -26"><span class='ocrx_word' id='word_1_264' title='bbox 1064 4104 1155 4201; x_wconf 79' lang='lat' dir='ltr'>iugo</span> 
     </span>
    </p>
   </div>
   <div class='ocr_carea' id='block_1_16' title="bbox 0 0 1216 4628">
    <p class='ocr_par' dir='ltr' id='par_1_17' title="bbox 0 0 1216 4628">
     <span class='ocr_line' id='line_1_39' title="bbox 0 0 1216 4628; baseline 0 0"><span class='ocrx_word' id='word_1_265' title='bbox 0 0 1216 4628; x_wconf 95' lang='lat' dir='ltr'> </span> 
     </span>
    </p>
   </div>
  </div>
 </body>
</html>
