2422 4628
133 176 232 310 ὑιςοΙ
314 258 332 299 s
485 184 850 319 Scririorarrir'rrl'rrr
895 242 904 247 ··

176 401 416 495 ornamur,
445 358 540 478 Prol.
566 393 898 501 Argentoratum,
923 399 963 477 in
984 394 1108 500 quafi

176 524 213 584 et
242 504 399 587 describit
426 508 467 579 L.
498 503 673 599 Apustium
703 505 887 607 Aegyptiis⁸
916 504 1080 605 mffirrr'r'r

104 652 108 673 ι
174 610 352 697 initiatam.
376 604 658 708 Argent.1786.
681 631 718 699 4.

380 778 430 843 a
643 766 760 842 ψ’·
872 762 1042 841 'ar-2

32 924 88 981 ens·
106 926 164 983 m·
248 917 337 995 Huc
354 938 503 1018 quoque
520 919 673 1020 pertinet
690 913 818 995 nobilis
835 910 895 992 illa
909 914 1030 1015 Mensa
1050 920 1108 1013 Ιβ

30 1031 39 1049 ·
201 1045 287 1099 uam
303 1038 445 1123 tempus
459 1025 553 1098 miro
568 1016 642 1099 fato
657 1017 763 1098 nobis
780 1017 1016 1100 conservavit.
1068 1021 1108 1101 lu

95 1162 98 1167 ·
175 1047 273 1202 flerat
290 1130 438 1202 enimin
453 1148 581 1203 manus
597 1121 684 1200 labri
700 1123 862 1219 alicuius,
889 1114 1053 1222 equibus
1068 1146 1108 1205 ct

171 1225 397 1331 fringendam
417 1245 454 1304 et
470 1222 699 1305 conflandam
714 1229 839 1327 eripuit
851 1222 977 1304 Petrus
989 1224 1108 1305 Bemh

160 1337 235 1431 ,qui
256 1330 299 1407 ab
321 1327 386 1408 illo
403 1331 478 1408 hoc
496 1335 763 1408 monimentum
785 1326 1065 1417 aere‘redemit.'
1098 1366 1108 1411 l

66 1444 69 1451 “
173 1456 222 1513 eo
237 1435 327 1510 Dux
340 1434 520 1513 Mantuae
529 1434 737 1510 Vincentius
758 1435 914 1533 accepit,
943 1436 1036 1511 inter
1058 1418 1108 1513 cti

174 1532 442 1638 supelleililem‚
468 1534 557 1613 urbe
570 1537 723 1613 Mantua
737 1558 758 1611 a
772 1534 952 1614 Caesareis
971 1558 1108 1641 occupa

174 1661 208 1715 a.
234 1646 330 1729 1630
357 1663 443 1720 curn
465 1638 613 1741 reliqua
627 1636 755 1738 praeda
775 1637 907 1739 direpta
927 1644 976 1717 ira
1000 1662 1108 1743 evan!

172 1747 381 1821 ornemini
409 1740 457 1819 de
485 1766 529 1817 ea
562 1739 693 1842 aliquid
726 1741 876 1843 amplius
911 1740 1108 1821 innotesces

105 1884 135 1925 ,ι
174 1843 346 1922 Tandem
374 1843 624 1923 aearchtatro
649 1845 764 1920 Ducis
794 1841 995 1922 Sabaudiae·
1010 1868 1108 1947 reper

143 1978 150 1991 ··
174 1946 343 2026 thesauris
360 1947 437 2024 heri
458 1953 593 2049 antiqui
613 1946 703 2025 illata
722 1943 781 2023 esl.
832 1945 885 2022 Ea
905 1970 996 2024 vero
1016 1949 1108 2049 elega

174 2045 308 2128 rislimis
321 2045 444 2152 figuris
459 2056 530 2127 aeri
548 2047 725 2152 insculptis
744 2072 907 2149 auroque
921 2046 1108 2141 diliinslisl

174 2154 338 2253 perbiens
365 2154 588 2233 luculentum
616 2154 821 2251 exemplum
844 2151 1012 2231 exhibere
1036 2153 1108 2233 diat

173 2254 360 2357 sapientiae
384 2254 630 2356 Aegyptiacae
656 2257 761 2331 nullis
785 2253 1007 2333 emditorum
1031 2254 1108 2337 labn·

175 2357 312 2435 busita
331 2357 598 2457 explicandum,
634 2373 676 2433 ut
702 2382 780 2434 non
803 2354 992 2436 foecundis
1012 2363 1108 2460 inger

31 2520 34 2527 .
175 2466 324 2538 materia
345 2456 488 2536 abunde
513 2453 676 2560 superfit,
706 2460 814 2560 longe
837 2462 901 2536 alia
920 2459 1003 2537 inde
1025 2460 1108 2541 exse

174 2562 292 2668 pendl.
344 2584 598 2639 arachaeus
626 2567 741 2659 enlm,
773 2570 1015 2664 aenigmatum
1039 2565 1108 2643 hiet

173 2666 427 2768 glyphlcorum
450 2669 754 2767 interpretationes
771 2664 815 2742 ad
835 2689 894 2743 res
913 2663 1027 2745 sacras
1046 2684 1108 2747 ert

173 2771 316 2868 ligionis
336 2765 513 2864 reserens,
539 2766 659 2859 nescio
674 2793 765 2870 quae
780 2765 942 2870 mysteria
958 2764 1020 2847 fibi
1034 2774 1108 2847 erui

175 2869 271 2948 visus
285 2867 346 2968 eli,
367 2873 528 2971 religioni
541 2868 757 2949 Christianae
769 2865 942 2974 proficua.
967 2894 1108 2953 anuas

176 2998 284 3052 'frus
312 2997 402 3053 vero
430 2996 703 3068 arouonrus,
735 2973 946 3071 Patavium,
970 2974 1108 3079 Presbp

176 3073 407 3174 Tarnfinus,
442 3075 649 3178 Philologus
679 3094 714 3154 et
741 3075 1035 3178 Archaeologus‚
1066 3084 1108 3169 cir

131 3267 137 3271 ,
173 3185 312 3257 initium
325 3177 451 3257 saeeull
468 3177 653 3279 superioris
668 3181 796 3280 clarus,
819 3177 1060 3282 philosophiae
1077 3204 1108 3260 ra

1 3295 2 3302 '
173 3284 255 3360 ralis
268 3302 383 3383 arque
405 3281 566 3385 politicae
587 3291 825 3384 praeceptam
841 3307 883 3359 ea
899 3280 1062 3385 reperisse
1080 3304 1108 3365 cl

173 3383 267 3464 didit·
317 3384 434 3464 Cuius
462 3393 740 3462 commentarius
765 3391 916 3484 prlmurn
938 3386 1068 3488 prodiit
1088 3386 1108 3475 ll

0 3515 29 3559 ιί
65 3502 145 3559 ortua
176 3489 380 3589 epigraphe:
414 3487 548 3584 Mrnjhr
569 3491 698 3590 sysara,
716 3489 777 3583 sert
801 3491 1013 3593 vahstffmae
1033 3496 1108 3568 rese

87 3604 90 3613 '
176 3618 288 3667 aeneae
306 3591 417 3690 sacris
439 3594 876 3694 Aegyptioramfimulacris
903 3600 1043 3670 cusator
1061 3606 1108 3695 rap

174 3702 280 3779 ratim·
311 3721 380 3771 rum
399 3697 567 3769 aarum
587 3698 625 3767 dr
644 3697 748 3770 uariis
775 3714 915 3772 cneum
935 3698 1108 3774 metricat

31 3858 34 3863 .
176 3802 321 3875 amuletis
333 3824 373 3872 rx
382 3804 524 3898 antiquis
536 3805 667 3898 gemmis
680 3801 846 3904 rrstgislir.
862 3803 989 3877 Vener.
1004 3807 1108 3897 1605.

174 3900 336 3982 Francos.
371 3907 477 3989 1608.
505 3926 539 3991 4.
604 3900 720 3979 Editio
752 3902 889 3981 auslior
923 3903 997 3981 hoc
1035 3902 1108 3983 riurl

130 3998 135 4029 '
175 4026 208 4084 t.
231 4027 449 4088 erchuaei
477 4002 597 4103 Mosa
622 4009 747 4111 spiare,
781 4032 845 4107 qua
864 4005 1108 4193 ,iheronimi

300 4162 305 4171 ·
1097 4144 1108 4214 l
